@book{Darwin1859,
address = {London},
author = {Darwin, Charles Robert},
publisher = {John Murray},
title = {{On the Origin of Species by Means of Natural Selection}},
year = {1859}
}
@book{Darwin1862,
address = {London},
author = {Darwin, Charles Robert},
publisher = {John Murray},
title = {{On the various contrivances by which British and foreign orchids are fertilised by insects}},
year = {1862}
}
@book{Wallace1869,
address = {London},
author = {Wallace, A R},
publisher = {Harper},
title = {{The Malay Archipelago}},
year = {1869}
}
@article{Wright1943,
annote = {ISI Document Delivery No.: V22WF
Times Cited: 1840
Cited Reference Count: 11},
author = {Wright, S},
file = {:Users/threeprime/Library/Application Support/Mendeley Desktop/Downloaded/Wright - 1943 - Isolation by distance.pdf:pdf},
isbn = {0016-6731},
journal = {Genetics},
language = {English},
number = {2},
pages = {114--138},
title = {{Isolation by distance}},
url = {<Go to ISI>://000201544900003},
volume = {28},
year = {1943}
}
@article{Shannon1948,
author = {Shannon, C E},
file = {:Users/threeprime/Documents/Publications/Mendeley Library/Shannon 1948.pdf:pdf},
journal = {The Bell System Technical Journal},
pages = {379--423; 623--656},
title = {{A mathematical theory of communication}},
volume = {27},
year = {1948}
}
@article{Watson1953,
abstract = {A structure for nucleic acid has already been proposed by Pauling and Corey 1 . They kindly made their manuscript available to us in advance of publication. Their model consists of three intertwined chains, with the phosphates near},
annote = {From Duplicate 1 (Molecular Structure of Nucleic Acids: A Structure for Deoxyribose Nucleic Acid - Watson, James D; Crick, F H C)},
author = {Watson, James D and Crick, Francis H C},
doi = {10.1097/BLO.0b013e3181468780},
file = {:Users/threeprime/Documents/Publications/Mendeley Library/Watson 1953 NAT.pdf:pdf},
isbn = {0226284158},
issn = {0028-0836},
journal = {Nature},
keywords = {nucleic acids},
month = apr,
number = {4356},
pages = {737--738},
pmid = {1943},
title = {{Molecular Structure of Nucleic Acids: A Structure for Deoxyribose Nucleic Acid}},
url = {http://dx.doi.org/10.1038/171737a0},
volume = {171},
year = {1953}
}
@article{Hamilton1964a,
author = {Hamilton, W D},
file = {:Users/threeprime/Documents/Publications/Mendeley Library/Hamilton 1964 JTB.pdf:pdf},
issn = {0022-5193},
journal = {Journal of Theoretical Biology},
keywords = {Behavior,Genetics,Humans,Models,Theoretical},
month = jul,
number = {1},
pages = {1--16},
pmid = {5875341},
title = {{The genetical evolution of social behaviour. I.}},
url = {http://www.ncbi.nlm.nih.gov/pubmed/5875341},
volume = {7},
year = {1964}
}
@article{Ehrlich1964,
author = {Ehrlich, P R and Raven, P H},
file = {:Users/threeprime/Documents/Publications/Mendeley Library/Ehrlich, Raven - 1964 - Evolution.pdf:pdf},
isbn = {0014-3820},
journal = {Evolution},
language = {English},
number = {4},
pages = {586--608},
title = {{Butterflies and plants: a study in coevolution}},
url = {<Go to ISI>://A1964CLA4000007},
volume = {18},
year = {1964}
}
@book{Williams1966,
address = {Princeton},
author = {Williams, George C.},
isbn = {0691026157},
publisher = {Princeton University Press},
title = {{Adaptation and Natural Selection}},
year = {1966}
}